@article{
    j,
    author="Peter J. Landin",
    title="A Generalization of Jumps and Labels",
    journal="Higher-Order and Symbolic Computation",
    year=1998,
    volume="11",
    pages="125--143"
}

@article{
    defint,
    author="John C. Reynolds",
    title="Definitional Interpreters for Higher-Order Programming Languages",
    journal="Higher-Order and Symbolic Computation",
    year=1998,
    volume="11",
    pages="363--397"
}

@techreport{
    joriginal,
    author="Peter J. Landin",
    title="A Generalization of Jumps and Labels",
    institution="UNIVAC Systems Programming Research",
    month="August",
    year=1965,
    note="Reprinted in Higher-Order and Symbolic Computation, 11"
}
